%YAML 1.1
%TAG !u! tag:unity3d.com,2011:
--- !u!1 &7823615927036701152
GameObject:
  m_ObjectHideFlags: 0
  m_CorrespondingSourceObject: {fileID: 0}
  m_PrefabInstance: {fileID: 0}
  m_PrefabAsset: {fileID: 0}
  serializedVersion: 6
  m_Component:
  - component: {fileID: 7823615927036701155}
  - component: {fileID: 5661597456642988603}
  - component: {fileID: 6425687548849544138}
  - component: {fileID: 103114482531831576}
  m_Layer: 6
  m_Name: Sheep
  m_TagString: Untagged
  m_Icon: {fileID: 0}
  m_NavMeshLayer: 0
  m_StaticEditorFlags: 0
  m_IsActive: 1
--- !u!4 &7823615927036701155
Transform:
  m_ObjectHideFlags: 0
  m_CorrespondingSourceObject: {fileID: 0}
  m_PrefabInstance: {fileID: 0}
  m_PrefabAsset: {fileID: 0}
  m_GameObject: {fileID: 7823615927036701152}
  m_LocalRotation: {x: 0, y: 0, z: 0, w: 1}
  m_LocalPosition: {x: 0, y: 0, z: 0}
  m_LocalScale: {x: 1, y: 1, z: 1}
  m_ConstrainProportionsScale: 0
  m_Children:
  - {fileID: 209288600256956708}
  - {fileID: 4909773579830552572}
  m_Father: {fileID: 0}
  m_RootOrder: 0
  m_LocalEulerAnglesHint: {x: 0, y: 0, z: 0}
--- !u!195 &5661597456642988603
NavMeshAgent:
  m_ObjectHideFlags: 0
  m_CorrespondingSourceObject: {fileID: 0}
  m_PrefabInstance: {fileID: 0}
  m_PrefabAsset: {fileID: 0}
  m_GameObject: {fileID: 7823615927036701152}
  m_Enabled: 1
  m_AgentTypeID: 0
  m_Radius: 0.7
  m_Speed: 2
  m_Acceleration: 8
  avoidancePriority: 25
  m_AngularSpeed: 1000
  m_StoppingDistance: 0
  m_AutoTraverseOffMeshLink: 1
  m_AutoBraking: 1
  m_AutoRepath: 1
  m_Height: 1.5
  m_BaseOffset: 0
  m_WalkableMask: 4294967295
  m_ObstacleAvoidanceType: 4
--- !u!65 &6425687548849544138
BoxCollider:
  m_ObjectHideFlags: 0
  m_CorrespondingSourceObject: {fileID: 0}
  m_PrefabInstance: {fileID: 0}
  m_PrefabAsset: {fileID: 0}
  m_GameObject: {fileID: 7823615927036701152}
  m_Material: {fileID: 0}
  m_IsTrigger: 0
  m_Enabled: 1
  serializedVersion: 2
  m_Size: {x: 1.5, y: 1.5, z: 1.5}
  m_Center: {x: 0, y: 0.75, z: 0}
--- !u!114 &103114482531831576
MonoBehaviour:
  m_ObjectHideFlags: 0
  m_CorrespondingSourceObject: {fileID: 0}
  m_PrefabInstance: {fileID: 0}
  m_PrefabAsset: {fileID: 0}
  m_GameObject: {fileID: 7823615927036701152}
  m_Enabled: 1
  m_EditorHideFlags: 0
  m_Script: {fileID: 11500000, guid: 5957fb3240852f74dae0b571530596eb, type: 3}
  m_Name: 
  m_EditorClassIdentifier: 
  stoppingDistance: 0
  productPrefab: {fileID: 0}
  productInstantiationPoint: {fileID: 0}
  selectedGrass: {fileID: 0}
--- !u!1001 &209756087120271902
PrefabInstance:
  m_ObjectHideFlags: 0
  serializedVersion: 2
  m_Modification:
    m_TransformParent: {fileID: 7823615927036701155}
    m_Modifications:
    - target: {fileID: 1874652041793754, guid: 97da8249dbdd8c841a20c8ccfc98d6ff, type: 3}
      propertyPath: m_Name
      value: Model
      objectReference: {fileID: 0}
    - target: {fileID: 4026715496171722, guid: 97da8249dbdd8c841a20c8ccfc98d6ff, type: 3}
      propertyPath: m_LocalEulerAnglesHint.x
      value: -10.173342
      objectReference: {fileID: 0}
    - target: {fileID: 4026715496171722, guid: 97da8249dbdd8c841a20c8ccfc98d6ff, type: 3}
      propertyPath: m_LocalEulerAnglesHint.y
      value: 9.490445
      objectReference: {fileID: 0}
    - target: {fileID: 4026715496171722, guid: 97da8249dbdd8c841a20c8ccfc98d6ff, type: 3}
      propertyPath: m_LocalEulerAnglesHint.z
      value: 9.183144
      objectReference: {fileID: 0}
    - target: {fileID: 4032473454715482, guid: 97da8249dbdd8c841a20c8ccfc98d6ff, type: 3}
      propertyPath: m_LocalEulerAnglesHint.x
      value: 2.0984292
      objectReference: {fileID: 0}
    - target: {fileID: 4032473454715482, guid: 97da8249dbdd8c841a20c8ccfc98d6ff, type: 3}
      propertyPath: m_LocalEulerAnglesHint.y
      value: 6.29911
      objectReference: {fileID: 0}
    - target: {fileID: 4032473454715482, guid: 97da8249dbdd8c841a20c8ccfc98d6ff, type: 3}
      propertyPath: m_LocalEulerAnglesHint.z
      value: -74.72574
      objectReference: {fileID: 0}
    - target: {fileID: 4120703060864532, guid: 97da8249dbdd8c841a20c8ccfc98d6ff, type: 3}
      propertyPath: m_LocalEulerAnglesHint.x
      value: -6.096857
      objectReference: {fileID: 0}
    - target: {fileID: 4120703060864532, guid: 97da8249dbdd8c841a20c8ccfc98d6ff, type: 3}
      propertyPath: m_LocalEulerAnglesHint.y
      value: -170.0249
      objectReference: {fileID: 0}
    - target: {fileID: 4120703060864532, guid: 97da8249dbdd8c841a20c8ccfc98d6ff, type: 3}
      propertyPath: m_LocalEulerAnglesHint.z
      value: -92.72867
      objectReference: {fileID: 0}
    - target: {fileID: 4150464322818874, guid: 97da8249dbdd8c841a20c8ccfc98d6ff, type: 3}
      propertyPath: m_RootOrder
      value: 0
      objectReference: {fileID: 0}
    - target: {fileID: 4150464322818874, guid: 97da8249dbdd8c841a20c8ccfc98d6ff, type: 3}
      propertyPath: m_LocalScale.x
      value: 3.5
      objectReference: {fileID: 0}
    - target: {fileID: 4150464322818874, guid: 97da8249dbdd8c841a20c8ccfc98d6ff, type: 3}
      propertyPath: m_LocalScale.y
      value: 3.5
      objectReference: {fileID: 0}
    - target: {fileID: 4150464322818874, guid: 97da8249dbdd8c841a20c8ccfc98d6ff, type: 3}
      propertyPath: m_LocalScale.z
      value: 3.5
      objectReference: {fileID: 0}
    - target: {fileID: 4150464322818874, guid: 97da8249dbdd8c841a20c8ccfc98d6ff, type: 3}
      propertyPath: m_LocalPosition.x
      value: 0
      objectReference: {fileID: 0}
    - target: {fileID: 4150464322818874, guid: 97da8249dbdd8c841a20c8ccfc98d6ff, type: 3}
      propertyPath: m_LocalPosition.y
      value: 0
      objectReference: {fileID: 0}
    - target: {fileID: 4150464322818874, guid: 97da8249dbdd8c841a20c8ccfc98d6ff, type: 3}
      propertyPath: m_LocalPosition.z
      value: 0
      objectReference: {fileID: 0}
    - target: {fileID: 4150464322818874, guid: 97da8249dbdd8c841a20c8ccfc98d6ff, type: 3}
      propertyPath: m_LocalRotation.w
      value: 1
      objectReference: {fileID: 0}
    - target: {fileID: 4150464322818874, guid: 97da8249dbdd8c841a20c8ccfc98d6ff, type: 3}
      propertyPath: m_LocalRotation.x
      value: 0
      objectReference: {fileID: 0}
    - target: {fileID: 4150464322818874, guid: 97da8249dbdd8c841a20c8ccfc98d6ff, type: 3}
      propertyPath: m_LocalRotation.y
      value: 0
      objectReference: {fileID: 0}
    - target: {fileID: 4150464322818874, guid: 97da8249dbdd8c841a20c8ccfc98d6ff, type: 3}
      propertyPath: m_LocalRotation.z
      value: 0
      objectReference: {fileID: 0}
    - target: {fileID: 4150464322818874, guid: 97da8249dbdd8c841a20c8ccfc98d6ff, type: 3}
      propertyPath: m_LocalEulerAnglesHint.x
      value: 0
      objectReference: {fileID: 0}
    - target: {fileID: 4150464322818874, guid: 97da8249dbdd8c841a20c8ccfc98d6ff, type: 3}
      propertyPath: m_LocalEulerAnglesHint.y
      value: 0
      objectReference: {fileID: 0}
    - target: {fileID: 4150464322818874, guid: 97da8249dbdd8c841a20c8ccfc98d6ff, type: 3}
      propertyPath: m_LocalEulerAnglesHint.z
      value: 0
      objectReference: {fileID: 0}
    - target: {fileID: 4150464322818874, guid: 97da8249dbdd8c841a20c8ccfc98d6ff, type: 3}
      propertyPath: m_ConstrainProportionsScale
      value: 1
      objectReference: {fileID: 0}
    - target: {fileID: 4162398960584220, guid: 97da8249dbdd8c841a20c8ccfc98d6ff, type: 3}
      propertyPath: m_LocalEulerAnglesHint.x
      value: -6.697795
      objectReference: {fileID: 0}
    - target: {fileID: 4162398960584220, guid: 97da8249dbdd8c841a20c8ccfc98d6ff, type: 3}
      propertyPath: m_LocalEulerAnglesHint.y
      value: 11.017063
      objectReference: {fileID: 0}
    - target: {fileID: 4162398960584220, guid: 97da8249dbdd8c841a20c8ccfc98d6ff, type: 3}
      propertyPath: m_LocalEulerAnglesHint.z
      value: 62.774605
      objectReference: {fileID: 0}
    - target: {fileID: 4217575482395940, guid: 97da8249dbdd8c841a20c8ccfc98d6ff, type: 3}
      propertyPath: m_LocalEulerAnglesHint.x
      value: 6.1657057
      objectReference: {fileID: 0}
    - target: {fileID: 4217575482395940, guid: 97da8249dbdd8c841a20c8ccfc98d6ff, type: 3}
      propertyPath: m_LocalEulerAnglesHint.y
      value: 3.5083356
      objectReference: {fileID: 0}
    - target: {fileID: 4217575482395940, guid: 97da8249dbdd8c841a20c8ccfc98d6ff, type: 3}
      propertyPath: m_LocalEulerAnglesHint.z
      value: 14.060131
      objectReference: {fileID: 0}
    - target: {fileID: 4254408815083808, guid: 97da8249dbdd8c841a20c8ccfc98d6ff, type: 3}
      propertyPath: m_LocalEulerAnglesHint.x
      value: 5.361537
      objectReference: {fileID: 0}
    - target: {fileID: 4254408815083808, guid: 97da8249dbdd8c841a20c8ccfc98d6ff, type: 3}
      propertyPath: m_LocalEulerAnglesHint.y
      value: 168.34612
      objectReference: {fileID: 0}
    - target: {fileID: 4254408815083808, guid: 97da8249dbdd8c841a20c8ccfc98d6ff, type: 3}
      propertyPath: m_LocalEulerAnglesHint.z
      value: -81.28643
      objectReference: {fileID: 0}
    - target: {fileID: 4258018197412558, guid: 97da8249dbdd8c841a20c8ccfc98d6ff, type: 3}
      propertyPath: m_LocalEulerAnglesHint.x
      value: -15.363252
      objectReference: {fileID: 0}
    - target: {fileID: 4258018197412558, guid: 97da8249dbdd8c841a20c8ccfc98d6ff, type: 3}
      propertyPath: m_LocalEulerAnglesHint.y
      value: -3.1215713
      objectReference: {fileID: 0}
    - target: {fileID: 4258018197412558, guid: 97da8249dbdd8c841a20c8ccfc98d6ff, type: 3}
      propertyPath: m_LocalEulerAnglesHint.z
      value: -30.853666
      objectReference: {fileID: 0}
    - target: {fileID: 4398793040676304, guid: 97da8249dbdd8c841a20c8ccfc98d6ff, type: 3}
      propertyPath: m_LocalEulerAnglesHint.x
      value: 1.5047308
      objectReference: {fileID: 0}
    - target: {fileID: 4398793040676304, guid: 97da8249dbdd8c841a20c8ccfc98d6ff, type: 3}
      propertyPath: m_LocalEulerAnglesHint.y
      value: 0.049240887
      objectReference: {fileID: 0}
    - target: {fileID: 4398793040676304, guid: 97da8249dbdd8c841a20c8ccfc98d6ff, type: 3}
      propertyPath: m_LocalEulerAnglesHint.z
      value: -9.731933
      objectReference: {fileID: 0}
    - target: {fileID: 4485569231177580, guid: 97da8249dbdd8c841a20c8ccfc98d6ff, type: 3}
      propertyPath: m_LocalEulerAnglesHint.x
      value: 1.3336277
      objectReference: {fileID: 0}
    - target: {fileID: 4485569231177580, guid: 97da8249dbdd8c841a20c8ccfc98d6ff, type: 3}
      propertyPath: m_LocalEulerAnglesHint.y
      value: -19.964556
      objectReference: {fileID: 0}
    - target: {fileID: 4485569231177580, guid: 97da8249dbdd8c841a20c8ccfc98d6ff, type: 3}
      propertyPath: m_LocalEulerAnglesHint.z
      value: -68.804306
      objectReference: {fileID: 0}
    - target: {fileID: 4512830246938832, guid: 97da8249dbdd8c841a20c8ccfc98d6ff, type: 3}
      propertyPath: m_LocalEulerAnglesHint.x
      value: -2.0493526
      objectReference: {fileID: 0}
    - target: {fileID: 4512830246938832, guid: 97da8249dbdd8c841a20c8ccfc98d6ff, type: 3}
      propertyPath: m_LocalEulerAnglesHint.y
      value: 2.9463413
      objectReference: {fileID: 0}
    - target: {fileID: 4512830246938832, guid: 97da8249dbdd8c841a20c8ccfc98d6ff, type: 3}
      propertyPath: m_LocalEulerAnglesHint.z
      value: 61.572124
      objectReference: {fileID: 0}
    - target: {fileID: 4546649294134956, guid: 97da8249dbdd8c841a20c8ccfc98d6ff, type: 3}
      propertyPath: m_LocalEulerAnglesHint.x
      value: 1.8178319
      objectReference: {fileID: 0}
    - target: {fileID: 4546649294134956, guid: 97da8249dbdd8c841a20c8ccfc98d6ff, type: 3}
      propertyPath: m_LocalEulerAnglesHint.y
      value: 0.69463176
      objectReference: {fileID: 0}
    - target: {fileID: 4546649294134956, guid: 97da8249dbdd8c841a20c8ccfc98d6ff, type: 3}
      propertyPath: m_LocalEulerAnglesHint.z
      value: -40.63964
      objectReference: {fileID: 0}
    - target: {fileID: 4564927978657854, guid: 97da8249dbdd8c841a20c8ccfc98d6ff, type: 3}
      propertyPath: m_LocalEulerAnglesHint.x
      value: -5.971195
      objectReference: {fileID: 0}
    - target: {fileID: 4564927978657854, guid: 97da8249dbdd8c841a20c8ccfc98d6ff, type: 3}
      propertyPath: m_LocalEulerAnglesHint.y
      value: -0.6592797
      objectReference: {fileID: 0}
    - target: {fileID: 4564927978657854, guid: 97da8249dbdd8c841a20c8ccfc98d6ff, type: 3}
      propertyPath: m_LocalEulerAnglesHint.z
      value: -19.04735
      objectReference: {fileID: 0}
    - target: {fileID: 4590355402790546, guid: 97da8249dbdd8c841a20c8ccfc98d6ff, type: 3}
      propertyPath: m_LocalEulerAnglesHint.x
      value: -0.1453217
      objectReference: {fileID: 0}
    - target: {fileID: 4590355402790546, guid: 97da8249dbdd8c841a20c8ccfc98d6ff, type: 3}
      propertyPath: m_LocalEulerAnglesHint.y
      value: 0.7863992
      objectReference: {fileID: 0}
    - target: {fileID: 4590355402790546, guid: 97da8249dbdd8c841a20c8ccfc98d6ff, type: 3}
      propertyPath: m_LocalEulerAnglesHint.z
      value: 168.59381
      objectReference: {fileID: 0}
    - target: {fileID: 4603824547466020, guid: 97da8249dbdd8c841a20c8ccfc98d6ff, type: 3}
      propertyPath: m_LocalEulerAnglesHint.x
      value: 0.0000004268868
      objectReference: {fileID: 0}
    - target: {fileID: 4603824547466020, guid: 97da8249dbdd8c841a20c8ccfc98d6ff, type: 3}
      propertyPath: m_LocalEulerAnglesHint.y
      value: 0.00000021344346
      objectReference: {fileID: 0}
    - target: {fileID: 4603824547466020, guid: 97da8249dbdd8c841a20c8ccfc98d6ff, type: 3}
      propertyPath: m_LocalEulerAnglesHint.z
      value: -0.00000021344346
      objectReference: {fileID: 0}
    - target: {fileID: 4620325430178132, guid: 97da8249dbdd8c841a20c8ccfc98d6ff, type: 3}
      propertyPath: m_LocalEulerAnglesHint.x
      value: 12.713436
      objectReference: {fileID: 0}
    - target: {fileID: 4620325430178132, guid: 97da8249dbdd8c841a20c8ccfc98d6ff, type: 3}
      propertyPath: m_LocalEulerAnglesHint.y
      value: 8.4628315
      objectReference: {fileID: 0}
    - target: {fileID: 4620325430178132, guid: 97da8249dbdd8c841a20c8ccfc98d6ff, type: 3}
      propertyPath: m_LocalEulerAnglesHint.z
      value: -78.6202
      objectReference: {fileID: 0}
    - target: {fileID: 4734134916380628, guid: 97da8249dbdd8c841a20c8ccfc98d6ff, type: 3}
      propertyPath: m_LocalEulerAnglesHint.x
      value: 4.0191674
      objectReference: {fileID: 0}
    - target: {fileID: 4734134916380628, guid: 97da8249dbdd8c841a20c8ccfc98d6ff, type: 3}
      propertyPath: m_LocalEulerAnglesHint.y
      value: -87.784134
      objectReference: {fileID: 0}
    - target: {fileID: 4734134916380628, guid: 97da8249dbdd8c841a20c8ccfc98d6ff, type: 3}
      propertyPath: m_LocalEulerAnglesHint.z
      value: -147.2718
      objectReference: {fileID: 0}
    - target: {fileID: 4737678183611504, guid: 97da8249dbdd8c841a20c8ccfc98d6ff, type: 3}
      propertyPath: m_LocalEulerAnglesHint.x
      value: 2.6853898
      objectReference: {fileID: 0}
    - target: {fileID: 4737678183611504, guid: 97da8249dbdd8c841a20c8ccfc98d6ff, type: 3}
      propertyPath: m_LocalEulerAnglesHint.y
      value: -7.7307305
      objectReference: {fileID: 0}
    - target: {fileID: 4737678183611504, guid: 97da8249dbdd8c841a20c8ccfc98d6ff, type: 3}
      propertyPath: m_LocalEulerAnglesHint.z
      value: 38.752922
      objectReference: {fileID: 0}
    - target: {fileID: 4748675589832870, guid: 97da8249dbdd8c841a20c8ccfc98d6ff, type: 3}
      propertyPath: m_LocalEulerAnglesHint.x
      value: -14.969556
      objectReference: {fileID: 0}
    - target: {fileID: 4748675589832870, guid: 97da8249dbdd8c841a20c8ccfc98d6ff, type: 3}
      propertyPath: m_LocalEulerAnglesHint.y
      value: -175.41594
      objectReference: {fileID: 0}
    - target: {fileID: 4748675589832870, guid: 97da8249dbdd8c841a20c8ccfc98d6ff, type: 3}
      propertyPath: m_LocalEulerAnglesHint.z
      value: -63.111916
      objectReference: {fileID: 0}
    - target: {fileID: 4782401921562906, guid: 97da8249dbdd8c841a20c8ccfc98d6ff, type: 3}
      propertyPath: m_LocalEulerAnglesHint.x
      value: 0.00000042688674
      objectReference: {fileID: 0}
    - target: {fileID: 4782401921562906, guid: 97da8249dbdd8c841a20c8ccfc98d6ff, type: 3}
      propertyPath: m_LocalEulerAnglesHint.y
      value: -0.000000053360857
      objectReference: {fileID: 0}
    - target: {fileID: 4782401921562906, guid: 97da8249dbdd8c841a20c8ccfc98d6ff, type: 3}
      propertyPath: m_LocalEulerAnglesHint.z
      value: 0.00000021344343
      objectReference: {fileID: 0}
    - target: {fileID: 4814812996439274, guid: 97da8249dbdd8c841a20c8ccfc98d6ff, type: 3}
      propertyPath: m_LocalEulerAnglesHint.x
      value: 0.8137386
      objectReference: {fileID: 0}
    - target: {fileID: 4814812996439274, guid: 97da8249dbdd8c841a20c8ccfc98d6ff, type: 3}
      propertyPath: m_LocalEulerAnglesHint.y
      value: -4.6992283
      objectReference: {fileID: 0}
    - target: {fileID: 4814812996439274, guid: 97da8249dbdd8c841a20c8ccfc98d6ff, type: 3}
      propertyPath: m_LocalEulerAnglesHint.z
      value: -44.783604
      objectReference: {fileID: 0}
    - target: {fileID: 4876439282371118, guid: 97da8249dbdd8c841a20c8ccfc98d6ff, type: 3}
      propertyPath: m_LocalEulerAnglesHint.x
      value: -3.6540828
      objectReference: {fileID: 0}
    - target: {fileID: 4876439282371118, guid: 97da8249dbdd8c841a20c8ccfc98d6ff, type: 3}
      propertyPath: m_LocalEulerAnglesHint.y
      value: -1.577858
      objectReference: {fileID: 0}
    - target: {fileID: 4876439282371118, guid: 97da8249dbdd8c841a20c8ccfc98d6ff, type: 3}
      propertyPath: m_LocalEulerAnglesHint.z
      value: 26.58826
      objectReference: {fileID: 0}
    - target: {fileID: 4877861319065908, guid: 97da8249dbdd8c841a20c8ccfc98d6ff, type: 3}
      propertyPath: m_LocalEulerAnglesHint.x
      value: 4.472539
      objectReference: {fileID: 0}
    - target: {fileID: 4877861319065908, guid: 97da8249dbdd8c841a20c8ccfc98d6ff, type: 3}
      propertyPath: m_LocalEulerAnglesHint.y
      value: -12.92291
      objectReference: {fileID: 0}
    - target: {fileID: 4877861319065908, guid: 97da8249dbdd8c841a20c8ccfc98d6ff, type: 3}
      propertyPath: m_LocalEulerAnglesHint.z
      value: 33.45835
      objectReference: {fileID: 0}
    - target: {fileID: 4995974972319726, guid: 97da8249dbdd8c841a20c8ccfc98d6ff, type: 3}
      propertyPath: m_LocalEulerAnglesHint.x
      value: 8.484868
      objectReference: {fileID: 0}
    - target: {fileID: 4995974972319726, guid: 97da8249dbdd8c841a20c8ccfc98d6ff, type: 3}
      propertyPath: m_LocalEulerAnglesHint.y
      value: 167.16376
      objectReference: {fileID: 0}
    - target: {fileID: 4995974972319726, guid: 97da8249dbdd8c841a20c8ccfc98d6ff, type: 3}
      propertyPath: m_LocalEulerAnglesHint.z
      value: -69.46034
      objectReference: {fileID: 0}
    - target: {fileID: 95847733434639974, guid: 97da8249dbdd8c841a20c8ccfc98d6ff, type: 3}
      propertyPath: m_Controller
      value: 
      objectReference: {fileID: 9100000, guid: 138e13e15c7e144408823a9ac92af40c, type: 2}
    m_RemovedComponents: []
  m_SourcePrefab: {fileID: 100100000, guid: 97da8249dbdd8c841a20c8ccfc98d6ff, type: 3}
--- !u!4 &209288600256956708 stripped
Transform:
  m_CorrespondingSourceObject: {fileID: 4150464322818874, guid: 97da8249dbdd8c841a20c8ccfc98d6ff, type: 3}
  m_PrefabInstance: {fileID: 209756087120271902}
  m_PrefabAsset: {fileID: 0}
--- !u!1001 &1969621154076180943
PrefabInstance:
  m_ObjectHideFlags: 0
  serializedVersion: 2
  m_Modification:
    m_TransformParent: {fileID: 7823615927036701155}
    m_Modifications:
    - target: {fileID: 2465077339968350248, guid: 49deafcc580ae2347b32d6f823adb880, type: 3}
      propertyPath: m_SizeDelta.x
      value: 0.895
      objectReference: {fileID: 0}
    - target: {fileID: 2465077339968350248, guid: 49deafcc580ae2347b32d6f823adb880, type: 3}
      propertyPath: m_SizeDelta.y
      value: 7.112
      objectReference: {fileID: 0}
    - target: {fileID: 2465077339968350248, guid: 49deafcc580ae2347b32d6f823adb880, type: 3}
      propertyPath: m_AnchoredPosition.x
      value: 0
      objectReference: {fileID: 0}
    - target: {fileID: 2465077339968350248, guid: 49deafcc580ae2347b32d6f823adb880, type: 3}
      propertyPath: m_AnchoredPosition.y
      value: 0.000000029802322
      objectReference: {fileID: 0}
    - target: {fileID: 2867903518032220100, guid: 49deafcc580ae2347b32d6f823adb880, type: 3}
      propertyPath: m_PresetInfoIsWorld
      value: 1
      objectReference: {fileID: 0}
    - target: {fileID: 6712104689904454756, guid: 49deafcc580ae2347b32d6f823adb880, type: 3}
      propertyPath: m_Name
      value: Health Bar
      objectReference: {fileID: 0}
    - target: {fileID: 6878831783675930163, guid: 49deafcc580ae2347b32d6f823adb880, type: 3}
      propertyPath: m_Pivot.x
      value: 0.5
      objectReference: {fileID: 0}
    - target: {fileID: 6878831783675930163, guid: 49deafcc580ae2347b32d6f823adb880, type: 3}
      propertyPath: m_Pivot.y
      value: 0.5
      objectReference: {fileID: 0}
    - target: {fileID: 6878831783675930163, guid: 49deafcc580ae2347b32d6f823adb880, type: 3}
      propertyPath: m_RootOrder
      value: 1
      objectReference: {fileID: 0}
    - target: {fileID: 6878831783675930163, guid: 49deafcc580ae2347b32d6f823adb880, type: 3}
      propertyPath: m_AnchorMax.x
      value: 0.5
      objectReference: {fileID: 0}
    - target: {fileID: 6878831783675930163, guid: 49deafcc580ae2347b32d6f823adb880, type: 3}
      propertyPath: m_AnchorMax.y
      value: 0.5
      objectReference: {fileID: 0}
    - target: {fileID: 6878831783675930163, guid: 49deafcc580ae2347b32d6f823adb880, type: 3}
      propertyPath: m_AnchorMin.x
      value: 0.5
      objectReference: {fileID: 0}
    - target: {fileID: 6878831783675930163, guid: 49deafcc580ae2347b32d6f823adb880, type: 3}
      propertyPath: m_AnchorMin.y
      value: 0.5
      objectReference: {fileID: 0}
    - target: {fileID: 6878831783675930163, guid: 49deafcc580ae2347b32d6f823adb880, type: 3}
      propertyPath: m_SizeDelta.x
      value: 100
      objectReference: {fileID: 0}
    - target: {fileID: 6878831783675930163, guid: 49deafcc580ae2347b32d6f823adb880, type: 3}
      propertyPath: m_SizeDelta.y
      value: 100
      objectReference: {fileID: 0}
    - target: {fileID: 6878831783675930163, guid: 49deafcc580ae2347b32d6f823adb880, type: 3}
      propertyPath: m_LocalPosition.x
      value: 0
      objectReference: {fileID: 0}
    - target: {fileID: 6878831783675930163, guid: 49deafcc580ae2347b32d6f823adb880, type: 3}
      propertyPath: m_LocalPosition.y
      value: 0
      objectReference: {fileID: 0}
    - target: {fileID: 6878831783675930163, guid: 49deafcc580ae2347b32d6f823adb880, type: 3}
      propertyPath: m_LocalPosition.z
      value: 0
      objectReference: {fileID: 0}
    - target: {fileID: 6878831783675930163, guid: 49deafcc580ae2347b32d6f823adb880, type: 3}
      propertyPath: m_LocalRotation.w
      value: 1
      objectReference: {fileID: 0}
    - target: {fileID: 6878831783675930163, guid: 49deafcc580ae2347b32d6f823adb880, type: 3}
      propertyPath: m_LocalRotation.x
      value: 0
      objectReference: {fileID: 0}
    - target: {fileID: 6878831783675930163, guid: 49deafcc580ae2347b32d6f823adb880, type: 3}
      propertyPath: m_LocalRotation.y
      value: 0
      objectReference: {fileID: 0}
    - target: {fileID: 6878831783675930163, guid: 49deafcc580ae2347b32d6f823adb880, type: 3}
      propertyPath: m_LocalRotation.z
      value: 0
      objectReference: {fileID: 0}
    - target: {fileID: 6878831783675930163, guid: 49deafcc580ae2347b32d6f823adb880, type: 3}
      propertyPath: m_AnchoredPosition.x
      value: 0
      objectReference: {fileID: 0}
    - target: {fileID: 6878831783675930163, guid: 49deafcc580ae2347b32d6f823adb880, type: 3}
      propertyPath: m_AnchoredPosition.y
      value: 2
      objectReference: {fileID: 0}
    - target: {fileID: 6878831783675930163, guid: 49deafcc580ae2347b32d6f823adb880, type: 3}
      propertyPath: m_LocalEulerAnglesHint.x
      value: 0
      objectReference: {fileID: 0}
    - target: {fileID: 6878831783675930163, guid: 49deafcc580ae2347b32d6f823adb880, type: 3}
      propertyPath: m_LocalEulerAnglesHint.y
      value: 0
      objectReference: {fileID: 0}
    - target: {fileID: 6878831783675930163, guid: 49deafcc580ae2347b32d6f823adb880, type: 3}
      propertyPath: m_LocalEulerAnglesHint.z
      value: 0
      objectReference: {fileID: 0}
    m_RemovedComponents: []
  m_SourcePrefab: {fileID: 100100000, guid: 49deafcc580ae2347b32d6f823adb880, type: 3}
--- !u!224 &4909773579830552572 stripped
RectTransform:
  m_CorrespondingSourceObject: {fileID: 6878831783675930163, guid: 49deafcc580ae2347b32d6f823adb880, type: 3}
  m_PrefabInstance: {fileID: 1969621154076180943}
  m_PrefabAsset: {fileID: 0}
