%YAML 1.1
%TAG !u! tag:unity3d.com,2011:
--- !u!1 &7833226004021583597
GameObject:
  m_ObjectHideFlags: 0
  m_CorrespondingSourceObject: {fileID: 0}
  m_PrefabInstance: {fileID: 0}
  m_PrefabAsset: {fileID: 0}
  serializedVersion: 6
  m_Component:
  - component: {fileID: 3050368501293860472}
  - component: {fileID: 5509340043028896897}
  - component: {fileID: 5902690734799296304}
  - component: {fileID: 8574439488989657987}
  - component: {fileID: 9025140071095273508}
  - component: {fileID: 3796272047167576802}
  m_Layer: 6
  m_Name: Wolf
  m_TagString: Untagged
  m_Icon: {fileID: 0}
  m_NavMeshLayer: 0
  m_StaticEditorFlags: 0
  m_IsActive: 1
--- !u!4 &3050368501293860472
Transform:
  m_ObjectHideFlags: 0
  m_CorrespondingSourceObject: {fileID: 0}
  m_PrefabInstance: {fileID: 0}
  m_PrefabAsset: {fileID: 0}
  m_GameObject: {fileID: 7833226004021583597}
  m_LocalRotation: {x: 0, y: 0, z: 0, w: 1}
  m_LocalPosition: {x: 0, y: 0, z: 0}
  m_LocalScale: {x: 1, y: 1, z: 1}
  m_ConstrainProportionsScale: 0
  m_Children:
  - {fileID: 7331841654138705133}
  - {fileID: 6577431691693635477}
  m_Father: {fileID: 0}
  m_RootOrder: 0
  m_LocalEulerAnglesHint: {x: 0, y: 0, z: 0}
--- !u!195 &5509340043028896897
NavMeshAgent:
  m_ObjectHideFlags: 0
  m_CorrespondingSourceObject: {fileID: 0}
  m_PrefabInstance: {fileID: 0}
  m_PrefabAsset: {fileID: 0}
  m_GameObject: {fileID: 7833226004021583597}
  m_Enabled: 0
  m_AgentTypeID: 0
  m_Radius: 0.7
  m_Speed: 5
  m_Acceleration: 8
  avoidancePriority: 99
  m_AngularSpeed: 1000
  m_StoppingDistance: 0.8
  m_AutoTraverseOffMeshLink: 1
  m_AutoBraking: 1
  m_AutoRepath: 1
  m_Height: 1.75
  m_BaseOffset: 0
  m_WalkableMask: 4294967295
  m_ObstacleAvoidanceType: 4
--- !u!54 &5902690734799296304
Rigidbody:
  m_ObjectHideFlags: 0
  m_CorrespondingSourceObject: {fileID: 0}
  m_PrefabInstance: {fileID: 0}
  m_PrefabAsset: {fileID: 0}
  m_GameObject: {fileID: 7833226004021583597}
  serializedVersion: 2
  m_Mass: 1
  m_Drag: 0
  m_AngularDrag: 0
  m_UseGravity: 0
  m_IsKinematic: 0
  m_Interpolate: 0
  m_Constraints: 126
  m_CollisionDetection: 0
--- !u!65 &8574439488989657987
BoxCollider:
  m_ObjectHideFlags: 0
  m_CorrespondingSourceObject: {fileID: 0}
  m_PrefabInstance: {fileID: 0}
  m_PrefabAsset: {fileID: 0}
  m_GameObject: {fileID: 7833226004021583597}
  m_Material: {fileID: 0}
  m_IsTrigger: 0
  m_Enabled: 1
  serializedVersion: 2
  m_Size: {x: 2.200839, y: 2.3995316, z: 2.4402895}
  m_Center: {x: -0.09931803, y: 1.2821709, z: -0.19051337}
--- !u!135 &9025140071095273508
SphereCollider:
  m_ObjectHideFlags: 0
  m_CorrespondingSourceObject: {fileID: 0}
  m_PrefabInstance: {fileID: 0}
  m_PrefabAsset: {fileID: 0}
  m_GameObject: {fileID: 7833226004021583597}
  m_Material: {fileID: 0}
  m_IsTrigger: 1
  m_Enabled: 1
  serializedVersion: 2
  m_Radius: 0.65620804
  m_Center: {x: 0, y: 1, z: 1.2}
--- !u!114 &3796272047167576802
MonoBehaviour:
  m_ObjectHideFlags: 0
  m_CorrespondingSourceObject: {fileID: 0}
  m_PrefabInstance: {fileID: 0}
  m_PrefabAsset: {fileID: 0}
  m_GameObject: {fileID: 7833226004021583597}
  m_Enabled: 1
  m_EditorHideFlags: 0
  m_Script: {fileID: 11500000, guid: f63f6909cd57b0640b8e2a45c65b7117, type: 3}
  m_Name: 
  m_EditorClassIdentifier: 
--- !u!1001 &302091135854055846
PrefabInstance:
  m_ObjectHideFlags: 0
  serializedVersion: 2
  m_Modification:
    m_TransformParent: {fileID: 3050368501293860472}
    m_Modifications:
    - target: {fileID: 6712104689904454756, guid: 49deafcc580ae2347b32d6f823adb880, type: 3}
      propertyPath: m_Name
      value: HealthBar
      objectReference: {fileID: 0}
    - target: {fileID: 6878831783675930163, guid: 49deafcc580ae2347b32d6f823adb880, type: 3}
      propertyPath: m_Pivot.x
      value: 0.5
      objectReference: {fileID: 0}
    - target: {fileID: 6878831783675930163, guid: 49deafcc580ae2347b32d6f823adb880, type: 3}
      propertyPath: m_Pivot.y
      value: 0.5
      objectReference: {fileID: 0}
    - target: {fileID: 6878831783675930163, guid: 49deafcc580ae2347b32d6f823adb880, type: 3}
      propertyPath: m_RootOrder
      value: 1
      objectReference: {fileID: 0}
    - target: {fileID: 6878831783675930163, guid: 49deafcc580ae2347b32d6f823adb880, type: 3}
      propertyPath: m_AnchorMax.x
      value: 0.5
      objectReference: {fileID: 0}
    - target: {fileID: 6878831783675930163, guid: 49deafcc580ae2347b32d6f823adb880, type: 3}
      propertyPath: m_AnchorMax.y
      value: 0.5
      objectReference: {fileID: 0}
    - target: {fileID: 6878831783675930163, guid: 49deafcc580ae2347b32d6f823adb880, type: 3}
      propertyPath: m_AnchorMin.x
      value: 0.5
      objectReference: {fileID: 0}
    - target: {fileID: 6878831783675930163, guid: 49deafcc580ae2347b32d6f823adb880, type: 3}
      propertyPath: m_AnchorMin.y
      value: 0.5
      objectReference: {fileID: 0}
    - target: {fileID: 6878831783675930163, guid: 49deafcc580ae2347b32d6f823adb880, type: 3}
      propertyPath: m_SizeDelta.x
      value: 5
      objectReference: {fileID: 0}
    - target: {fileID: 6878831783675930163, guid: 49deafcc580ae2347b32d6f823adb880, type: 3}
      propertyPath: m_SizeDelta.y
      value: 0.5
      objectReference: {fileID: 0}
    - target: {fileID: 6878831783675930163, guid: 49deafcc580ae2347b32d6f823adb880, type: 3}
      propertyPath: m_LocalPosition.x
      value: 0
      objectReference: {fileID: 0}
    - target: {fileID: 6878831783675930163, guid: 49deafcc580ae2347b32d6f823adb880, type: 3}
      propertyPath: m_LocalPosition.y
      value: 0
      objectReference: {fileID: 0}
    - target: {fileID: 6878831783675930163, guid: 49deafcc580ae2347b32d6f823adb880, type: 3}
      propertyPath: m_LocalPosition.z
      value: 0
      objectReference: {fileID: 0}
    - target: {fileID: 6878831783675930163, guid: 49deafcc580ae2347b32d6f823adb880, type: 3}
      propertyPath: m_LocalRotation.w
      value: 1
      objectReference: {fileID: 0}
    - target: {fileID: 6878831783675930163, guid: 49deafcc580ae2347b32d6f823adb880, type: 3}
      propertyPath: m_LocalRotation.x
      value: 0
      objectReference: {fileID: 0}
    - target: {fileID: 6878831783675930163, guid: 49deafcc580ae2347b32d6f823adb880, type: 3}
      propertyPath: m_LocalRotation.y
      value: 0
      objectReference: {fileID: 0}
    - target: {fileID: 6878831783675930163, guid: 49deafcc580ae2347b32d6f823adb880, type: 3}
      propertyPath: m_LocalRotation.z
      value: 0
      objectReference: {fileID: 0}
    - target: {fileID: 6878831783675930163, guid: 49deafcc580ae2347b32d6f823adb880, type: 3}
      propertyPath: m_AnchoredPosition.x
      value: 0
      objectReference: {fileID: 0}
    - target: {fileID: 6878831783675930163, guid: 49deafcc580ae2347b32d6f823adb880, type: 3}
      propertyPath: m_AnchoredPosition.y
      value: 2.14
      objectReference: {fileID: 0}
    - target: {fileID: 6878831783675930163, guid: 49deafcc580ae2347b32d6f823adb880, type: 3}
      propertyPath: m_LocalEulerAnglesHint.x
      value: 0
      objectReference: {fileID: 0}
    - target: {fileID: 6878831783675930163, guid: 49deafcc580ae2347b32d6f823adb880, type: 3}
      propertyPath: m_LocalEulerAnglesHint.y
      value: 0
      objectReference: {fileID: 0}
    - target: {fileID: 6878831783675930163, guid: 49deafcc580ae2347b32d6f823adb880, type: 3}
      propertyPath: m_LocalEulerAnglesHint.z
      value: 0
      objectReference: {fileID: 0}
    m_RemovedComponents: []
  m_SourcePrefab: {fileID: 100100000, guid: 49deafcc580ae2347b32d6f823adb880, type: 3}
--- !u!224 &6577431691693635477 stripped
RectTransform:
  m_CorrespondingSourceObject: {fileID: 6878831783675930163, guid: 49deafcc580ae2347b32d6f823adb880, type: 3}
  m_PrefabInstance: {fileID: 302091135854055846}
  m_PrefabAsset: {fileID: 0}
--- !u!1001 &7326886019793404211
PrefabInstance:
  m_ObjectHideFlags: 0
  serializedVersion: 2
  m_Modification:
    m_TransformParent: {fileID: 3050368501293860472}
    m_Modifications:
    - target: {fileID: 1866592283084482, guid: b47e479049ca8084e9798bcdc7aae295, type: 3}
      propertyPath: m_Name
      value: Model
      objectReference: {fileID: 0}
    - target: {fileID: 4990822727964126, guid: b47e479049ca8084e9798bcdc7aae295, type: 3}
      propertyPath: m_RootOrder
      value: 0
      objectReference: {fileID: 0}
    - target: {fileID: 4990822727964126, guid: b47e479049ca8084e9798bcdc7aae295, type: 3}
      propertyPath: m_LocalScale.x
      value: 4
      objectReference: {fileID: 0}
    - target: {fileID: 4990822727964126, guid: b47e479049ca8084e9798bcdc7aae295, type: 3}
      propertyPath: m_LocalScale.y
      value: 4
      objectReference: {fileID: 0}
    - target: {fileID: 4990822727964126, guid: b47e479049ca8084e9798bcdc7aae295, type: 3}
      propertyPath: m_LocalScale.z
      value: 4
      objectReference: {fileID: 0}
    - target: {fileID: 4990822727964126, guid: b47e479049ca8084e9798bcdc7aae295, type: 3}
      propertyPath: m_LocalPosition.x
      value: 0
      objectReference: {fileID: 0}
    - target: {fileID: 4990822727964126, guid: b47e479049ca8084e9798bcdc7aae295, type: 3}
      propertyPath: m_LocalPosition.y
      value: 0
      objectReference: {fileID: 0}
    - target: {fileID: 4990822727964126, guid: b47e479049ca8084e9798bcdc7aae295, type: 3}
      propertyPath: m_LocalPosition.z
      value: 0
      objectReference: {fileID: 0}
    - target: {fileID: 4990822727964126, guid: b47e479049ca8084e9798bcdc7aae295, type: 3}
      propertyPath: m_LocalRotation.w
      value: 1
      objectReference: {fileID: 0}
    - target: {fileID: 4990822727964126, guid: b47e479049ca8084e9798bcdc7aae295, type: 3}
      propertyPath: m_LocalRotation.x
      value: 0
      objectReference: {fileID: 0}
    - target: {fileID: 4990822727964126, guid: b47e479049ca8084e9798bcdc7aae295, type: 3}
      propertyPath: m_LocalRotation.y
      value: 0
      objectReference: {fileID: 0}
    - target: {fileID: 4990822727964126, guid: b47e479049ca8084e9798bcdc7aae295, type: 3}
      propertyPath: m_LocalRotation.z
      value: 0
      objectReference: {fileID: 0}
    - target: {fileID: 4990822727964126, guid: b47e479049ca8084e9798bcdc7aae295, type: 3}
      propertyPath: m_LocalEulerAnglesHint.x
      value: 0
      objectReference: {fileID: 0}
    - target: {fileID: 4990822727964126, guid: b47e479049ca8084e9798bcdc7aae295, type: 3}
      propertyPath: m_LocalEulerAnglesHint.y
      value: 0
      objectReference: {fileID: 0}
    - target: {fileID: 4990822727964126, guid: b47e479049ca8084e9798bcdc7aae295, type: 3}
      propertyPath: m_LocalEulerAnglesHint.z
      value: 0
      objectReference: {fileID: 0}
    - target: {fileID: 4990822727964126, guid: b47e479049ca8084e9798bcdc7aae295, type: 3}
      propertyPath: m_ConstrainProportionsScale
      value: 1
      objectReference: {fileID: 0}
    - target: {fileID: 95293086595526956, guid: b47e479049ca8084e9798bcdc7aae295, type: 3}
      propertyPath: m_Controller
      value: 
      objectReference: {fileID: 9100000, guid: 38d88add92e942c4eb29501edd2f27b6, type: 2}
    m_RemovedComponents: []
  m_SourcePrefab: {fileID: 100100000, guid: b47e479049ca8084e9798bcdc7aae295, type: 3}
--- !u!4 &7331841654138705133 stripped
Transform:
  m_CorrespondingSourceObject: {fileID: 4990822727964126, guid: b47e479049ca8084e9798bcdc7aae295, type: 3}
  m_PrefabInstance: {fileID: 7326886019793404211}
  m_PrefabAsset: {fileID: 0}
